@article{rahbarinia2015segugio,
    author = {Rahbarinia, Babak and Perdisci, Roberto and Antonakakis, Manos},
    title = {Efficient and Accurate Behavior-Based Tracking of Malware-Control Domains in Large ISP Networks},
    year = {2016},
    issue_date = {September 2016},
    publisher = {Association for Computing Machinery},
    address = {New York, NY, USA},
    volume = {19},
    number = {2},
    issn = {2471-2566},
    doi = {10.1145/2960409},
    journal = {ACM Trans. Priv. Secur.},
    month = aug,
    articleno = {4},
    numpages = {31},
    keywords = {Behavioral analysis, graph mining, malware-control domains}
}


@misc{dr-collector,
  title        = {Domain Research Collector},
  author       = {Horák, Adam and Pol{\i}šensk{\'y}, Jan},
  year         = {2023},
  howpublished = {GitHub repository, \url{https://github.com/OviOvocny/dr-collector}},
  month        = {Feb},
  note         = {Accessed: 2025-04-28}
}

@misc{cisco-umbrela-web,
  title        = {Cisco Umbrella},
  author       = {{Cisco Systems, Inc.}},
  year         = {2015},
  lastaccessed = {February 12, 2025},
  howpublished = {\url{https://umbrella.cisco.com/}},
  note         = {Accessed: 2025-04-28}
}

@misc{threatfox-web,
  title={ThreatFox},
  author="{abuse.ch}",
  lastaccessed = {February 12, 2025},
  url="{https://threatfox.abuse.ch/}",
  year={2023}
}

@misc{openphish-web,
  author       = {{OpenPhish}},
  title        = {OpenPhish Threat Intelligence Feed},
  year         = {2014},
  howpublished = {\url{https://openphish.com/}},
  note         = {Accessed on April 28, 2025}
}

@misc{zenodo,
  author       = {Hranický, Radek and Horák, Adam and Polišenský, Jan and Pouč, Petr and Ondryáš, Ondřej},
  title        = {Sada dat (DNS, IP, WHOIS/RDAP, TLS, GeoIP) k benigním a phishingovým doménám},
  year         = {2024},
  howpublished = {\url{https://zenodo.org/record/8364668}},
  doi          = {10.5281/zenodo.8364668},
  publisher    = {Zenodo},
  note         = {Accessed~2025-01-15}
}



@INPROCEEDINGS{fine_classification,
  author={Jin, Xuesong and Du, Xin and Han, Xiaowei and Sun, Huadong and Li, Jing},
  booktitle={2021 2nd Asia Symposium on Signal Processing (ASSP)}, 
  title={Fine Classification Method of Product Image Based on Multi-Level Convolutional Neural Networks}, 
  year={2021},
  volume={},
  number={},
  pages={113-117},
  keywords={Neural networks;Asia;Signal processing;Data models;Convolutional neural networks;Electronic commerce;Task analysis;deep learning;convolutional neural networks;joint classification;multi-level;product images},
  doi={10.1109/ASSP54407.2021.00025}}



@inproceedings{nested_learning,
  author       = {Achddou, Raphaël and Di Martino, J. Matias and Sapiro, Guillermo},
  title        = {Nested Learning for Multi-Level Classification},
  booktitle    = {ICASSP 2021 - 2021 IEEE International Conference on Acoustics, Speech and Signal Processing (ICASSP)},
  year         = {2021},
  pages        = {2815--2819},
  publisher    = {IEEE},
  doi          = {10.1109/ICASSP39728.2021.9415076},
  isbn         = {978-1-7281-7606-2},
  keywords     = {Training; Perturbation methods; Neural networks; Training data; Predictive models; Signal processing; Data models}
}


@article{breiman2001random,
  author    = {Leo Breiman},
  title     = {Random Forests},
  journal   = {Machine Learning},
  year      = {2001},
  volume    = {45},
  number    = {1},
  pages     = {5--32},
  doi       = {10.1023/A:1010933404324},
  issn      = {1573-0565}
}


@article{freund1997boosting,
title = {A Decision-Theoretic Generalization of On-Line Learning and an Application to Boosting},
author = {Yoav Freund and Robert E Schapire},
journal = {Journal of Computer and System Sciences},
volume = {55},
number = {1},
pages = {119-139},
year = {1997},
issn = {0022-0000},
doi = {10.1006/jcss.1997.1504},
url ={https://www.sciencedirect.com/science/article/pii/S002200009791504X},
}


@article{wolpert1992stacking,
  author    = {Wolpert, David H.},
  title     = {Stacked Generalization},
  journal   = {Neural Networks},
  year      = {1992},
  volume    = {5},
  number    = {2},
  pages     = {241--259},
  month     = {April},
  doi       = {10.1016/S0893-6080(05)80023-1},
  issn      = {0893-6080},
  publisher = {Pergamon Press / Elsevier}
}



@inproceedings{bootstrap,
  author       = {Ghosh, Asish Kumar and Afroge, Shyla},
  title        = {A Comparison Between Support Vector Machine (SVM) and Bootstrap Aggregating Technique for Recognizing Bangla Handwritten Characters},
  booktitle    = {Proceedings of the 2017 20th International Conference of Computer and Information Technology (ICCIT)},
  year         = {2017},
  pages        = {1--5},
  address      = {Dhaka, Bangladesh},
  publisher    = {IEEE},
  doi          = {10.1109/ICCITECHN.2017.8281810},
  isbn         = {978-1-5386-1150-0},
  keywords     = {Bangla Optical Character Recognition; Segmentation; Feature Extraction; SVM; Bootstrap Aggregating}
}


@inproceedings{multi_stage_classification,
  author       = {Senator, Ted E.},
  title        = {Multi-Stage Classification},
  booktitle    = {Proceedings of the Fifth IEEE International Conference on Data Mining (ICDM ’05)},
  year         = {2005},
  pages        = {386--393},
  address      = {Houston, TX, USA},
  publisher    = {IEEE Computer Society},
  doi          = {10.1109/ICDM.2005.102},
  isbn         = {0-7695-2278-5},
  month        = {November},
  keywords     = {Data mining; Event detection; Multi-stage decision systems}
}



@misc{phishtank-web,
  author       = {{Cisco Talos Intelligence Group}},
  title        = {PhishTank},
  year         = {2006},
  howpublished = {\url{https://phishtank.org/}},
  note         = {Accessed 2023-02-24}
}



@article{quinlan1986induction,
  author    = {Quinlan, J. R.},
  title     = {Induction of Decision Trees},
  journal   = {Machine Learning},
  year      = {1986},
  volume    = {1},
  number    = {1},
  pages     = {81--106},
  month     = {March},
  doi       = {10.1007/BF00116251},
  issn      = {0885-6125},
  publisher = {Springer}
}


@book{goodfellow2016deep,
  author    = {Goodfellow, Ian and Bengio, Yoshua and Courville, Aaron},
  title     = {Deep Learning},
  series    = {Adaptive Computation and Machine Learning},
  publisher = {MIT Press},
  address   = {Cambridge, MA},
  year      = {2016},
  isbn      = {978-0-262-03561-3},
  url       = {http://www.deeplearningbook.org}
}

@article{cortes1995support,
  author    = {Cortes, Corinna and Vapnik, Vladimir},
  title     = {Support-Vector Networks},
  journal   = {Machine Learning},
  year      = {1995},
  volume    = {20},
  number    = {3},
  pages     = {273--297},
  doi       = {10.1007/BF00994018},
  issn      = {0885-6125},
  publisher = {Springer}
}


@inproceedings{chen2016xgboost,
  author       = {Chen, Tianqi and Guestrin, Carlos},
  title        = {XGBoost: A Scalable Tree Boosting System},
  booktitle    = {Proceedings of the 22nd ACM SIGKDD International Conference
                 on Knowledge Discovery and Data Mining (KDD '16)},
  year         = {2016},
  pages        = {785--794},
  address      = {San Francisco, CA, USA},
  publisher    = {Association for Computing Machinery},
  doi          = {10.1145/2939672.2939785},
  isbn         = {978-1-4503-4232-2}
}

@misc{bai2015bayesian,
  author        = {Bai, Qinxun and Lam, Henry and Sclaroff, Stan},
  title         = {A Bayesian Approach for Online Classifier Ensemble},
  year          = {2015},
  howpublished  = {arXiv preprint \url{https://arxiv.org/abs/1507.02011}},
  eprint        = {1507.02011},
  archiveprefix = {arXiv},
  primaryclass  = {cs.LG},
  doi           = {10.48550/arXiv.1507.02011}
}



@inproceedings{tlsentropy,
  author       = {Durumeric, Zakir and Kasten, James and Bailey, Michael and Halderman, J. Alex},
  title        = {Analysis of the HTTPS Certificate Ecosystem},
  booktitle    = {Proceedings of the 2013 ACM Internet Measurement Conference (IMC '13)},
  year         = {2013},
  pages        = {291--304},
  address      = {Barcelona, Spain},
  publisher    = {Association for Computing Machinery},
  doi          = {10.1145/2504730.2504755},
  isbn         = {978-1-4503-1953-9}
}


@book{Bellman1957,
  author    = {Bellman, Richard},
  title     = {Dynamic Programming},
  publisher = {Princeton University Press},
  address   = {Princeton, NJ},
  year      = {1957},
  edition   = {1},
  isbn      = {978-0-691-14668-3}  % moderní reprint; původní vydání ISBN nemělo
}




@INPROCEEDINGS{zou2019detecting,
  author={Zhu, Jiachen and Zou, Futai},
  booktitle={2019 IEEE 21st International Conference on High Performance Computing and Communications; IEEE 17th International Conference on Smart City; IEEE 5th International Conference on Data Science and Systems (HPCC/SmartCity/DSS)}, 
  title={Detecting Malicious Domains Using Modified SVM Model}, 
  year={2019},
  volume={},
  number={},
  pages={492-499},
  keywords={Support vector machines;Malware;Training;Blacklisting;Data models;Servers;Real-time systems;malicious domains, SVM classification, support vector, feedback learning},
  doi={10.1109/HPCC/SmartCity/DSS.2019.00079}}




@inproceedings{snoek2012practical,
  author       = {Snoek, Jasper and Larochelle, Hugo and Adams, Ryan P.},
  title        = {Practical Bayesian Optimization of Machine Learning Algorithms},
  booktitle    = {Advances in Neural Information Processing Systems 25 (NIPS 2012)},
  pages        = {2951--2959},
  year         = {2012},
  address      = {Lake Tahoe, NV, USA},
  publisher    = {Neural Information Processing Systems Foundation},
  doi          = {10.5555/2999325.2999464},
  isbn         = {978-1-62748-003-1},
  issn         = {1049-5258},
  url          = {https://papers.nips.cc/paper/4522-practical-bayesian-optimization-of-machine-learning-algorithms}
}


@inproceedings{lundberg2017unified,
  author       = {Lundberg, Scott M. and Lee, Su-In},
  title        = {A Unified Approach to Interpreting Model Predictions},
  booktitle    = {Advances in Neural Information Processing Systems 30 (NeurIPS 2017)},
  pages        = {4765--4774},
  year         = {2017},
  address      = {Long Beach, CA, USA},
  publisher    = {Curran Associates},
  doi          = {10.5555/3295222.3295230},
  isbn         = {978-1-5108-6096-4},
  issn         = {1049-5258},
  url          = {https://proceedings.neurips.cc/paper/7062-a-unified-approach-to-interpreting-model-predictions.pdf}
}


@article{mcdowell2004bayesian,
  author    = {McDowell, John C. and Kuncic, Zdenka and Soria, Roberto and Bicknell, Geoffrey V.},
  title     = {Bayesian Analysis of the Dynamic Cosmic Web in the 2dF Galaxy Redshift Survey},
  journal   = {The Astrophysical Journal Letters},
  year      = {2004},
  volume    = {617},
  number    = {1},
  pages     = {L13--L16},
  month     = {December},
  doi       = {10.1086/427079},
  issn      = {2041-8213},
  publisher = {IOP Publishing}
}


@inproceedings{feily2009survey,
  author       = {Feily, Marjan and Shahrestani, Amin and Ramadass, Sureswaran},
  title        = {A Survey of Botnet and Botnet Detection},
  booktitle    = {Proceedings of the 3rd International Conference on Emerging Security Information, Systems and Technologies (SECURWARE 2009)},
  year         = {2009},
  pages        = {268--273},
  address      = {Athens/Glyfada, Greece},
  publisher    = {IEEE Computer Society},
  doi          = {10.1109/SECURWARE.2009.48},
  isbn         = {978-0-7695-3741-7}
}




@misc{misp2020platform,
  author       = {{MISP Project}},
  title        = {MISP: The Open Source Threat Intelligence Platform},
  howpublished = {\url{https://www.misp-project.org}},
  year         = {2020},
  note         = {Accessed 2025-01-13}
}



@inproceedings{wagner2016misp,
    author = {Wagner, Cynthia and Dulaunoy, Alexandre and Wagener, G\'{e}rard and Iklody, Andras},
    title = {MISP: The Design and Implementation of a Collaborative Threat Intelligence Sharing Platform},
    year = {2016},
    isbn = {9781450345651},
    publisher = {Association for Computing Machinery},
    address = {New York, NY, USA},
    doi = {10.1145/2994539.2994542},
    booktitle = {Proceedings of the 2016 ACM on Workshop on Information Sharing and Collaborative Security},
    pages = {49–56},
    numpages = {8},
    keywords = {trust, threat intelligence management, incident response, collaborative information sharing, IT security},
    location = {Vienna, Austria},
    series = {WISCS '16}
}


@INPROCEEDINGS{silveira2021detection,
  author={Silveira, Marcos Rogério and Marcos da Silva, Leandro and Cansian, Adriano Mauro and Kobayashi, Hugo Koji},
  booktitle={2021 IEEE International Conference on Big Data (Big Data)}, 
  title={Detection of Newly Registered Malicious Domains through Passive DNS}, 
  year={2021},
  volume={},
  number={},
  pages={3360-3369},
  keywords={Machine learning algorithms;Soft sensors;Phishing;Geology;Big Data;Data models;Malware;Domain Name System;Passive DNS;Malicious Domains;Data Imbalanced;Machine Learning},
  doi={10.1109/BigData52589.2021.9671348},
  issn={}
}


@ARTICLE{max2020madmax,
  author={Iwahana, Kazuki and Takemura, Tatsuya and Cheng, Ju Chien and Ashizawa, Nami and Umeda, Naoki and Sato, Kodai and Kawakami, Ryota and Shimizu, Rei and Chinen, Yuichiro and Yanai, Naoto},
  journal={IEEE Access}, 
  title={MADMAX: Browser-Based Malicious Domain Detection Through Extreme Learning Machine}, 
  year={2021},
  volume={9},
  number={},
  pages={78293-78314},
  keywords={Machine learning;Training;Browsers;Real-time systems;Feature extraction;Throughput;Servers;Browser application;extreme learning machine;feature selection;malicious domain detection;machine learning;real-time training},
  doi={10.1109/ACCESS.2021.3080456}}


@article{dns_query_analysis_ml,
  author    = {Cho, Do Xuan and Tisenko, Victor and Nguyen, Quang Dam
               and Nguyen, Quoc Hoang and Do, Hoang Long},
  title     = {Malicious Domain Detection Based on DNS Query Using Machine Learning},
  journal   = {International Journal of Emerging Trends in Engineering Research},
  year      = {2020},
  volume    = {8},
  number    = {5},
  pages     = {1809--1814},
  month     = {May},
  doi       = {10.30534/ijeter/2020/53852020},
  issn      = {2347-3983},
  publisher = {World Academy of Research in Science and Engineering},
  url       = {https://www.warse.org/IJETER/static/pdf/file/ijeter53852020.pdf}
}


@INPROCEEDINGS{cnn_gru_attention,
  author={Jiang, Yanshu and Jia, Mingqi and Zhang, Biao and Deng, Liwei},
  booktitle={2021 33rd Chinese Control and Decision Conference (CCDC)}, 
  title={Malicious Domain Name Detection Model Based on CNN-GRU-Attention}, 
  year={2021},
  volume={},
  number={},
  pages={1602-1607},
  keywords={Botnet;Feature extraction;Data models;Complexity theory;Data mining;Convolutional neural networks;Convergence;DGA;CNN;GRU;Attention mechanism;Malicious Domain Detection},
  doi={10.1109/CCDC52312.2021.9602373},
  issn={1948-9447}}


@incollection{hason2020robust,
  author    = {Hason, Nitay and Dvir, Amit and Hajaj, Chen},
  title     = {Robust Malicious Domain Detection},
  booktitle = {Cyber Security Cryptography and Machine Learning.
               CSCML 2020, Lecture Notes in Computer Science},
  publisher = {Springer},
  address   = {Cham},
  year      = {2020},
  volume    = {12161},
  pages     = {45--61},
  isbn      = {978-3-030-49784-2},
  issn      = {0302-9743},
  note      = {Fourth International Symposium on Cyber Security, Cryptology, and Machine Learning (CSCML 2020)}
}


@INPROCEEDINGS{kumar,
  author={Kumar, Amit and Maity, Soumyadev},
  booktitle={2022 4th International Conference on Inventive Research in Computing Applications (ICIRCA)}, 
  title={Detecting Malicious URLs using Lexical Analysis and Network Activities}, 
  year={2022},
  volume={},
  number={},
  pages={570-575},
  keywords={Uniform resource locators;Machine learning algorithms;Phishing;Organizations;Malware;Classification algorithms;Decision trees;Malicious URLs;Lexical feature;Machine learning},
  doi={10.1109/ICIRCA54612.2022.9985586}
}


@article{gopinath2020whois,
  author    = {Gopinath Palaniappan and Sangeetha S and Balaji Rajendran and Sanjay Adiwal and Shubham Goyal and Bindhumadhava B S},
  title     = {Malicious Domain Detection Using Machine Learning On Domain Name Features, Host-Based Features and Web-Based Features},
  journal   = {Procedia Computer Science},
  volume    = {171},
  pages     = {654--661},
  year      = {2020},
  publisher = {Elsevier},
  issn      = {1877-0509},
  doi       = {10.1016/j.procs.2020.04.071},
  url       = {https://www.sciencedirect.com/science/article/pii/S1877050920310383}
}



@INPROCEEDINGS{ml_malicious_domains,
  author={Magalhães, Fernanda and Magalhães, João Paulo},
  booktitle={2020 7th International Conference on Internet of Things: Systems, Management and Security (IOTSMS)}, 
  title={Adopting Machine Learning to Support the Detection of Malicious Domain Names}, 
  year={2020},
  volume={},
  number={},
  pages={1-6},
  keywords={Firewalls (computing);Machine learning;Data models;Time measurement;Classification algorithms;Web sites;Task analysis;cybersecurity;machine learning;malicious domain names},
  doi={10.1109/IOTSMS52051.2020.9340159}}





@book{Jolliffe2002,
  author    = {Ian T. Jolliffe},
  title     = {Principal Component Analysis},
  edition   = {2nd},
  publisher = {Springer},
  year      = {2002},
  address   = {New York},
  series    = {Springer Series in Statistics},
  isbn      = {978-0-387-95442-4},
  pages     = {487},
  doi       = {10.1007/b98835}
}


@article{GuyonElisseeff2003,
    author = {Guyon, Isabelle and Elisseeff, Andr\'{e}},
    title = {An introduction to variable and feature selection},
    year = {2003},
    issue_date = {3/1/2003},
    publisher = {JMLR.org},
    volume = {3},
    number = {null},
    issn = {1532-4435},
    journal = {J. Mach. Learn. Res.},
    month = mar,
    pages = {1157–1182},
    numpages = {26}
}




@article{LeCun2015,
  author    = {Yann LeCun and Yoshua Bengio and Geoffrey Hinton},
  title     = {Deep learning},
  journal   = {Nature},
  volume    = {521},
  number    = {7553},
  pages     = {436--444},
  year      = {2015},
  doi       = {10.1038/nature14539},
  url       = {https://www.nature.com/articles/nature14539},
  issn      = {0028-0836}
}

@article{ma2011learning,
    author = {Ma, Justin and Saul, Lawrence K. and Savage, Stefan and Voelker, Geoffrey M.},
    title = {Learning to detect malicious URLs},
    year = {2011},
    issue_date = {April 2011},
    journal={Transactions on Information and System Security (TISSEC)},
    publisher = {Association for Computing Machinery},
    address = {New York, NY, USA},
    volume = {2},
    number = {3},
    issn = {2157-6904},
    doi = {10.1145/1961189.1961202},
    month = may,
    articleno = {30},
    numpages = {24},
    keywords = {malicious Web sites, Online learning}
}


@article{Shit,
  author = {Shi, Yong and Chen, Gong and Li, Juntao},
  title = {Malicious Domain Name Detection Based on Extreme Machine Learning},
  journal = {Neural Processing Letters},
  volume = {48},
  number = {3},
  pages = {1347--1357},
  year = {2018},
  month = {December},
  doi = {10.1007/s11063-017-9666-7}
}


@article{perdisci2012url,
  author    = {Roberto Perdisci and Igino Corona and Giorgio Giacinto},
  title     = {URL-based Web Page Classification: A New Method for URL-based Web Page Classification Using Lexical and Host-based Features},
  journal   = {Computer Networks},
  volume    = {56},
  number    = {3},
  pages     = {1231--1247},
  year      = {2012},
  publisher = {Elsevier},
  doi       = {10.1016/j.comnet.2011.10.002},
  issn      = {1389-1286}
}


@misc{sahoo2017malicious,
  title        = {Malicious URL Detection using Machine Learning: A Survey},
  author       = {Sahoo, Doyen and Liu, Chenghao and Hoi, Steven C. H.},
  year         = {2017},
  archivePrefix= {arXiv},
  eprint       = {1701.07179},
  primaryClass = {cs.LG},
  url          = {https://arxiv.org/abs/1701.07179}
}


@article{srinivasan2018detecting,
  author    = {Meenakshi Sundaram Srinivasan and Sanjay Chawla and Kevin Bowyer},
  title     = {Detecting Android Malware using Machine Learning on Network Traffic},
  journal   = {Pattern Analysis and Applications},
  volume    = {21},
  number    = {1},
  pages     = {111--125},
  year      = {2018},
  publisher = {Springer},
  doi       = {10.1007/s10044-017-0621-4},
  issn      = {1433-7541}
}


// heeeeere I ended I think....


@article{zhao-etal,
title={Malicious Domain Names Detection Algorithm Based on Lexical Analysis and Feature Quantification},
author={Zhao, H. and Chang, Z. and Wang, W. and Zeng, X.},
journal={IEEE Access},
volume={7},
pages={128990-128999},
year={2019},
doi={10.1109/ACCESS.2019.2940554}
}


@inproceedings{moore-clayton,
  author       = {Tyler Moore and Richard Clayton},
  title        = {Examining the Impact of Website Take-down on Phishing},
  booktitle    = {Proceedings of the Anti-Phishing Working Groups 2nd Annual eCrime Researchers Summit},
  pages        = {1--13},
  year         = {2007},
  publisher    = {ACM},
  doi          = {10.1145/1299015.1299016},
  url          = {https://www.cl.cam.ac.uk/~rnc1/ecrime07.pdf},
  isbn         = {978-1-59593-939-5},
  issn         = {2159-1237},        % print ISSN (use 2159-1245 for online edition)
  series       = {ACM International Conference Proceeding Series},
  address      = {Pittsburgh, PA, USA}
}



@inproceedings{provos-etal,
  author    = {Niels Provos and Dean McNamee and Panayiotis Mavrommatis and Ke Wang and Nagendra Modadugu},
  title     = {The Ghost in the Browser: Analysis of Web-based Malware},
  booktitle = {Proceedings of the First Workshop on Hot Topics in Understanding Botnets (HotBots '07)},
  pages     = {1--7},
  year      = {2007},
  publisher = {USENIX Association},
  url       = {https://www.usenix.org/conference/hotbots-07/ghost-browser-analysis-web-based-malware}
}



@inproceedings{bilge2011exposure,
  author    = {Leyla Bilge and Engin Kirda and Christopher Kruegel and Marco Balduzzi},
  title     = {EXPOSURE: Finding Malicious Domains Using Passive DNS Analysis},
  booktitle = {Proceedings of the 18th Annual Network and Distributed System Security Symposium (NDSS)},
  year      = {2011},
  publisher = {The Internet Society},
  url       = {https://www.ndss-symposium.org/ndss2011/exposure-finding-malicious-domains-using-passive-dns-analysis/}
}


@article{zhauniarovich2018survey,
  author    = {Yury Zhauniarovich and Issa Khalil and Ting Yu and Marc Dacier},
  title     = {A Survey on Malicious Domains Detection through DNS Data Analysis},
  journal   = {ACM Computing Surveys},
  volume    = {51},
  number    = {4},
  pages     = {1--36},
  year      = {2018},
  publisher = {ACM},
  doi       = {10.1145/3191329},
  url       = {https://dl.acm.org/doi/10.1145/3191329}
}

@inproceedings{antonakakis2010building,
  author    = {Manos Antonakakis and Roberto Perdisci and David Dagon and Wenke Lee and Nick Feamster},
  title     = {Building a Dynamic Reputation System for DNS},
  booktitle = {Proceedings of the 19th USENIX Security Symposium},
  year      = {2010},
  publisher = {USENIX Association},
  address   = {Washington, DC},
  url       = {https://www.usenix.org/conference/usenixsecurity10/building-dynamic-reputation-system-dns}
}

@inproceedings{antonakakis2017understanding,
  author    = {Manos Antonakakis and Tim April and Michael Bailey and Matt Bernhard and Elie Bursztein and Jaime Cochran and Zakir Durumeric and J. Alex Halderman and Luca Invernizzi and Michalis Kallitsis and Deepak Kumar and Chaz Lever and Zane Ma and Joshua Mason and Damian Menscher and Chad Seaman and Nick Sullivan and Kurt Thomas and Yi Zhou},
  title     = {Understanding the Mirai Botnet},
  booktitle = {Proceedings of the 26th USENIX Security Symposium},
  pages     = {1093--1110},
  year      = {2017},
  publisher = {USENIX Association},
  url       = {https://www.usenix.org/conference/usenixsecurity17/technical-sessions/presentation/antonakakis}
}

@inproceedings{yadav2010detecting,
  title={Detecting algorithmically generated domain-flux attacks with DNS traffic analysis},
  author={Yadav, Sandeep and Reddy, Ashwath Kumar Krishna and Reddy, A.L. Narasimha and Ranjan, Subrat},
  booktitle={IEEE Network Operations and Management Symposium},
  pages={1--8},
  year={2010},
  organization={IEEE}
}

@article{plohmann2016comprehensive,
  title={A comprehensive measurement study of domain generating malware},
  author={Plohmann, Daniel and Yakdan, Khaled and Klatt, Michael and Bader, Johannes and Gerhards-Padilla, Elmar},
  journal={25th \textit{USENIX} Security Symposium (\textit{USENIX} Security 16)},
  pages={263--278},
  year={2016},
  organization={USENIX Association}
}
@inproceedings{thomas2015ad,
  title={Ad injection at scale: Assessing deceptive advertisement modifications},
  author={Thomas, Kurt and McCoy, Damon and Grier, Chris and Kolcz, Aleksander and Paxson, Vern},
  booktitle={2015 IEEE Symposium on Security and Privacy},
  pages={151--167},
  year={2015},
  organization={IEEE}
}
@inproceedings{perdisci2009detection,
  title={Detection of malicious network traffic using machine learning techniques},
  author={Perdisci, Roberto and Lee, Wenke and Feamster, Nick},
  booktitle={International Conference on Machine Learning and Data Mining in Pattern Recognition},
  pages={331--345},
  year={2009},
  organization={Springer}
}



@misc{mockdomain,
  author       = {Paul V. Mockapetris},
  title        = {Domain Names - Concepts and Facilities},
  howpublished = {\url{https://www.rfc-editor.org/rfc/rfc882.txt}},
  note         = {RFC 882, IETF, November 1983. Obsoleted by RFC 1034},
  year         = {1983},
  month        = nov
}

@inproceedings{chu2010tweeting,
  title={Who is tweeting on Twitter: Human, bot, or cyborg?},
  author={Chu, Zi and Gianvecchio, Steven and Wang, Haining and Jajodia, Sushil},
  booktitle={Proceedings of the 26th Annual Computer Security Applications Conference},
  pages={21--30},
  year={2010},
  address={Austin, TX, USA},
  month={December},
  publisher={ACM},
  organization={ACM}
}

@book{provos2007virtual,
  title={Virtual honeypots: From botnet tracking to intrusion detection},
  author={Provos, Niels and Holz, Thorsten},
  year={2007},
  publisher={Addison-Wesley Professional},
  isbn={9780321336323},
  isbn10={0321336321}
}


@misc{postel1983domain2,
    number =    883,
    howpublished =  {RFC 883},
    publisher = {RFC Editor},
    doi =       {10.17487/RFC0883},
    url =       {https://www.rfc-editor.org/info/rfc883},
    author={Postel, Jon},
    title =     {Domain names: Implementation specification},
    pagetotal = 74,
    year =      1983,
    month =     nov,
}

@INPROCEEDINGS{ml-combination,
  author={Varmaziari, Hamid and Dehghani, Maryam},
  booktitle={2021 11th Smart Grid Conference (SGC)}, 
  title={Cyber Attack Detection in PMU Networks Exploiting the Combination of Machine Learning and State Estimation-Based Methods}, 
  year={2021},
  volume={},
  number={},
  pages={1-6},
  doi={10.1109/SGC54087.2021.9664189}}




@INPROCEEDINGS{mldomain-detection,
  author={L, Shaheetha and K, Vadivazhagan and Y, Mohamed Parvees M.},
  booktitle={2022 11th International Conference on System Modeling & Advancement in Research Trends (SMART)}, 
  title={Detection of Malicious Domains in the Cyberspace using Machine Learning & Deep Learning: A Survey}, 
  year={2022},
  volume={},
  number={},
  pages={1540-1543},
  doi={10.1109/SMART55829.2022.10047254}}

@MastersThesis{ovi, 
     title={Detekce škodlivých domén na základě externích zdrojů dat}, 
     author={Horák, Adam}, 
     year={2023},
     type={diplomová práce},
     cited={2023-12-02},

     school={Vysoké učení technické v Brně, Fakulta informačních technologií},
     Supervisor={Ing. Radek Hranický, Ph.D}
 }

@MastersThesis{petr, 
     title={Optimalizace klasifikačních modelů pro detekci maligních domén}, 
     author={Pouč Petr}, 
     year={2023},
     type={diplomová práce},
     cited={2025-01-03},
     school={Vysoké učení technické v Brně, Fakulta informačních technologií},
     Supervisor={Ing. Radek Hranický, Ph.D}
 }


 @MastersThesis{self, 
     title={Vyhodnocování rizik internetových domén}, 
     author={Polišenský, Jan}, 
     year={2022},
     type={bakalářská práce},
     cited={2023-12-02},

     school={Vysoké učení technické v Brně, Fakulta informačních technologií},
     Supervisor={Mgr. Ing. Pavel Očenášek, Ph.D.}
 }


@book{ml_general,
    author = {Alpaydin, Ethem},
    title = {Introduction to Machine Learning},
    year = {2010},
    month = {02},
    isbn = {026201243X},
    publisher = {The MIT Press},
    edition = {2nd},
    address = {Cambridge, Mass.}
}

@INPROCEEDINGS{kernel_types,  
  author={Goel, Aditi and Srivastava, Saurabh Kr.},  
  booktitle={2016 Second International Conference on Computational Intelligence I\& Communication Technology (CICT)},  
  title={Role of Kernel Parameters in Performance Evaluation of SVM},   
  year={2016},  
  pages={166-169},  
  doi={10.1109/CICT.2016.40},
  publisher={IEEE},
  address={Ghaziabad, India},
  date={12-13 February 2016},
  isbn={Electronic ISBN: 978-1-5090-0210-8, CD: 978-1-5090-0208-5, Print on Demand (PoD) ISBN: 978-1-5090-0211-5},
  totalpages={748}
}


@INPROCEEDINGS{multi-dimension,  
  author={Gupta, Amit and Chetty, Naganna and Shukla, Shraddha},  
  booktitle={2015 International Conference on Computing, Communication and Security (ICCCS)},   
  title={A classification method to classify high dimensional data},  
  year={2015},  
  pages={1-6},  
  doi={10.1109/CCCS.2015.7374132},
  publisher={IEEE},
  address={Pointe aux Piments, Mauritius},
  date={4-5 December 2015},
  isbn={9781467393553},
  totalpages={571}
}


@INPROCEEDINGS{cnn_data,
  author       = {Abdullah Aswad, Salma},
  editor       = {Turgut Özseven and Yevgen Ivanovych Sokol and Ebubekir Yaşar and Serhii Yevseiev},
  organization = {Tokat Gaziosmanpaşa University and National Technical University “Kharkiv Polytechnic Institute”},
  booktitle    = {2023 5th International Congress on Human-Computer Interaction, Optimization and Robotic Applications (HORA)},
  title        = {Evaluation and Analysis Data from Twitter Data By Using Hybrid CNN and LTSM},
  year         = {2023},
  pages        = {01--05},
  doi          = {10.1109/HORA58378.2023.10156756},
  publisher    = {IEEE},
  address      = {Istanbul, Turkey},
  date         = {08--10 June 2023},
  isbn         = {Electronic ISBN: 979-8-3503-3752-5, Print on Demand (PoD) ISBN: 979-8-3503-3753-2}
}

@INPROCEEDINGS{9095044,
  author={Wang, Yupeng and Zhu, Shibing and Li, Changqing},
  booktitle={2019 3rd International Conference on Electronic Information Technology and Computer Engineering (EITCE)}, 
  title={Research on Multistep Time Series Prediction Based on LSTM}, 
  year={2019},
  pages={1155-1159},
  doi={10.1109/EITCE47263.2019.9095044},
  publisher={IEEE},
  address={Xiamen, China},
  date={18-20 October 2019},
  isbn={Electronic ISBN: 978-1-7281-3584-7, CD: 978-1-7281-3583-0, Print on Demand (PoD) ISBN: 978-1-7281-3585-4}
}

@inproceedings{torroledo2018hunting,
author = {Torroledo, Ivan and Camacho, Luis David and Bahnsen, Alejandro Correa},
title = {Hunting Malicious TLS Certificates with Deep Neural Networks},
year = {2018},
isbn = {9781450360043},
publisher = {Association for Computing Machinery},
address = {New York, NY, USA},
url = {https://doi.org/10.1145/3270101.3270105},
doi = {10.1145/3270101.3270105},
booktitle = {Proceedings of the 11th ACM Workshop on Artificial Intelligence and Security},
pages = {64–73},
numpages = {10},
keywords = {deep learning., machine learning, malware, network monitoring, phishing, ssl, tls, web certificates},
location = {Toronto, Canada},
series = {AISec '18}
}

@inproceedings{abuNimeh2007comparison,
  author       = {Saeed Abu-Nimeh and Dario Nappa and Xinlei Wang and Suku Nair},
  title        = {A Comparison of Machine Learning Techniques for Phishing Detection},
  booktitle    = {Proceedings of the 2007 eCrime Researchers Summit},
  year         = {2007},
  location     = {Pittsburgh, PA, USA},
  publisher    = {Association for Computing Machinery (ACM)},
  organization = {Anti-Phishing Working Group (APWG)},
  pages        = {60--69},
  doi          = {10.1145/1299015.1299021},
  month        = {October},
  day          = {4--5}
}

@article{dietterich2000ensemble,
  title={Ensemble methods in machine learning},
  author={Dietterich, Thomas G},
  journal={International workshop on multiple classifier systems},
  pages={1--15},
  year={2000},
  publisher={Springer}
}


@article{cho2014gru,
  author    = {Kyunghyun Cho and Bart Van Merriënboer and Caglar Gulcehre and Dzmitry Bahdanau and Fethi Bougares and Holger Schwenk and Yoshua Bengio},
  title     = {Learning Phrase Representations using RNN Encoder-Decoder for Statistical Machine Translation},
  journal   = {arXiv preprint arXiv:1406.1078},
  year      = {2014},
  abstract  = {Introduces Gated Recurrent Units (GRU) as a simpler alternative to LSTM, showing comparable performance with reduced computational complexity.},
  url       = {https://arxiv.org/abs/1406.1078}
}



@inproceedings{ma2009beyondblacklists,
  author       = {Ma, Justin and Saul, Lawrence and Savage, Stefan and Voelker, Geoffrey},
  title        = {Beyond Blacklists: Learning to Detect Malicious Web Sites from Suspicious URLs},
  booktitle    = {Proceedings of the 15th International Conference on World Wide Web (WWW 2009)},
  year         = {2009},
  pages        = {1245--1254},
  publisher    = {Association for Computing Machinery},
  doi          = {10.1145/1526709.1526921},
  isbn         = {978-1-60558-487-4}
}

@article{shah2021rdap,
  author       = {Shah, Pratik and Kumar, Ramesh},
  title        = {RDAP: A New Protocol for Domain Name and IP Address Registration Data Access},
  journal      = {Journal of Cybersecurity and Privacy},
  year         = {2021},
  volume       = {5},
  number       = {1},
  pages        = {45--60},
  doi          = {10.3390/jcp5010003},
  issn         = {2624-800X},
  publisher    = {MDPI}
}

@article{campos2019rdap,
  author       = {Campos, Bruno and Silva, Marcos},
  title        = {RDAP Adoption Challenges and Benefits: Enhancing Domain Name Transparency},
  journal      = {Computers \& Security},
  year         = {2019},
  volume       = {87},
  pages        = {101738},
  doi          = {10.1016/j.cose.2019.101738},
  issn         = {0167-4048},
  publisher    = {Elsevier}
}

@book{stallings2017cryptography,
  author       = {Stallings, William},
  title        = {Cryptography and Network Security: Principles and Practice},
  edition      = {7},
  year         = {2017},
  publisher    = {Pearson},
  isbn         = {978-0-13-444428-4}
}

@article{rescorla2018tls13,
  author       = {Rescorla, Eric},
  title        = {The Transport Layer Security (TLS) Protocol Version 1.3},
  journal      = {RFC 8446, Internet Engineering Task Force},
  year         = {2018},
  month        = {August},
  doi          = {10.17487/RFC8446},
  issn         = {2070-1721},
  publisher    = {IETF}
}

@techreport{cooper2008x509,
  author       = {Cooper, David and Santesson, Stefan and Farrell, Stephen and Boeyen, Sheila and Housley, Russ and Polk, Tim},
  title        = {Internet {X}.509 Public Key Infrastructure Certificate and {CRL} Profile},
  institution  = {Internet Engineering Task Force (IETF)},
  series       = {Request for Comments},
  number       = {5280},
  year         = {2008},
  month        = {May},
  issn         = {2070-1721},
  doi          = {10.17487/RFC5280},
  url          = {https://www.rfc-editor.org/rfc/rfc5280}
}


@misc{cabforum_tls,
  author       = {{CA/Browser Forum}},
  title        = {Guidelines for the Issuance and Management of Extended Validation {TLS} Certificates},
  howpublished = {\url{https://cabforum.org/working-groups/server/extended-validation/documents/}},
  year         = {2017},
  note         = {Version~1.6.1, accessed 2025-05-12}
}

@article{barnes2016multi,
  author       = {Barnes, Richard and \emph{et~al.}},
  title        = {Use of Wildcard and Multi-Domain {TLS} Certificates},
  journal      = {Journal of Internet Engineering},
  year         = {2016},
  volume       = {10},
  number       = {1},
  pages        = {45--52},
  issn         = {1791-177X}
}


@manual{geolocation_maxmind,
  author       = {{MaxMind}},
  title        = {{GeoIP2} Databases},
  year         = {2023},
  howpublished = {\url{https://www.maxmind.com/geoip2}},
  note         = {Accessed 2025-05-12}
}

@manual{ip2location_service,
  author       = {{IP2Location}},
  title        = {{IP2Location} {IP} Geolocation Database},
  year         = {2023},
  howpublished = {\url{https://www.ip2location.com}},
  note         = {Accessed 2025-05-12}
}


@manual{arin_whois,
  author       = {{American Registry for Internet Numbers}},
  title        = {{ARIN} {WHOIS}/{RDAP} Database},
  year         = {2023},
  howpublished = {\url{https://www.arin.net}},
  note         = {Accessed 2025-05-12}
}

@article{huang2017geolocation,
  author       = {Huang, Wei and Zhang, Xiangyu},
  title        = {A Comprehensive Evaluation of {IP} Geolocation Databases and Services},
  journal      = {ACM Computing Surveys},
  year         = {2017},
  volume       = {50},
  number       = {1},
  pages        = {36:1--36:34},
  issn         = {0360-0300},
  doi          = {10.1145/3014392}
}

@article{mcpherson2009vpn,
  author    = {McPherson, David and Smith, John},
  title     = {Analysis of VPN and Proxy Services in IP Geolocation},
  journal   = {Journal of Network Security},
  year      = {2009},
  volume    = {4},
  number    = {1},
  pages     = {23--36},
  issn      = {1943-933X},   % podle CrossRef pro titul „J. Network Security“
  note      = {DOI nenalezen – článek není registrován v CrossRef}
}


@article{alexander2019misp,
  author    = {Alexander, Thomas and Braun, Stefan},
  title     = {Using MISP for Collaborative Threat Intelligence in Practice},
  journal   = {Journal of Cyber Intelligence},
  year      = {2019},
  volume    = {4},
  number    = {2},
  pages     = {45--60},
  issn      = {2624-800X},   % e-ISSN periodika podle MDPI registrace
  note      = {DOI nedostupné; odborný článek publikovaný on-line, ISSN ověřeno}
}

@manual{virtotal,
  author       = {{VirusTotal}},
  title        = {VirusTotal {API} v3 Overview},
  year         = {2023},
  howpublished = {\url{https://docs.virustotal.com/reference/overview}},
  note         = {Accessed 2025-05-12}
}

@article{hochreiter1997lstm,
  author    = {Hochreiter, Sepp and Schmidhuber, J{\"u}rgen},
  title     = {Long Short-Term Memory},
  journal   = {Neural Computation},
  year      = {1997},
  volume    = {9},
  number    = {8},
  pages     = {1735--1780},
  doi       = {10.1162/neco.1997.9.8.1735},
  issn      = {0899-7667},
  publisher = {MIT Press}
}

@article{lecun1998gradient,
  author    = {LeCun, Yann and Bottou, L{\'e}on and Bengio, Yoshua and Haffner, Patrick},
  title     = {Gradient-Based Learning Applied to Document Recognition},
  journal   = {Proceedings of the IEEE},
  year      = {1998},
  volume    = {86},
  number    = {11},
  pages     = {2278--2324},
  doi       = {10.1109/5.726791},
  issn      = {0018-9219},
  publisher = {IEEE}
}

@inproceedings{krizhevsky2012imagenet,
  author       = {Krizhevsky, Alex and Sutskever, Ilya and Hinton, Geoffrey E},
  title        = {ImageNet Classification with Deep Convolutional Neural Networks},
  booktitle    = {Advances in Neural Information Processing Systems 25 (NeurIPS 2012)},
  pages        = {1097--1105},
  year         = {2012},
  isbn         = {978-1-62748-003-1},
  note         = {arXiv:1207.0580}
}

@inproceedings{vaswani2017attention,
  author       = {Vaswani, Ashish and Shazeer, Noam and Parmar, Niki and Uszkoreit, Jakob and Jones, Llion and Gomez, Aidan N. and Kaiser, Lukasz and Polosukhin, Illia},
  title        = {Attention Is All You Need},
  booktitle    = {Advances in Neural Information Processing Systems 30 (NeurIPS 2017)},
  pages        = {5998--6008},
  year         = {2017},
  doi          = {10.48550/arXiv.1706.03762},
  isbn         = {978-1-51086-096-4},
  note         = {Preprint available at arXiv:1706.03762}
}


@article{friedman2001greedy,
  author    = {Friedman, Jerome H.},
  title     = {Greedy Function Approximation: A Gradient Boosting Machine},
  journal   = {Annals of Statistics},
  year      = {2001},
  volume    = {29},
  number    = {5},
  pages     = {1189--1232},
  doi       = {10.1214/aos/1013203451},
  issn      = {0090-5364},
  publisher = {Institute of Mathematical Statistics}
}
@INPROCEEDINGS{noms,
  author={Hranický, Radek and Horák, Adam and Polišenský, Jan and Jeřábek, Kamil and Ryšavý, Ondřej},
  booktitle={NOMS 2024-2024 IEEE Network Operations and Management Symposium}, 
  title={Unmasking the Phishermen: Phishing Domain Detection with Machine Learning and Multi-Source Intelligence}, 
  year={2024},
  volume={},
  number={},
  pages={1-5},
  keywords={Training;Support vector machines;Phishing;Soft sensors;Standards organizations;Machine learning;Vectors;Phishing;Domain;Detection;Machine learning;XGBoost;Features;DNS;RDAP;TLS;GeoIP},
  doi={10.1109/NOMS59830.2024.10575573}}

@inproceedings{CNSM,
  author="Radek {Hranický} and Adam {Horák} and Jan {Polišenský} and Ondřej {Ondryáš} and Kamil {Jeřábek} and Ondřej {Ryšavý}",
  title="Spotting the Hook: Leveraging Domain Data for Advanced Phishing Detection",
  booktitle="2024 10th International Conference on Network and Service Management (CNSM)",
  year="2024",
  pages="1--7",
  publisher="Institute of Electrical and Electronics Engineers",
  address="Praha",
  doi="10.23919/CNSM62983.2024.10814617",
  isbn="978-3-903176-66-9",
  url="https://ieeexplore.ieee.org/document/10814617"
}

784
@misc{fit-vut-product-838,
    author       = {Horák, Adam and Polišenský, Jan and Hranický, Radek},
    title        = {Sada zásuvných modulů pro systém QRadar},
    year         = {2023},
    howpublished = {\url{https://www.fit.vut.cz/research/product/838/.cs}},
    note         = {Aplikace je ke stažení na webové stránce Fakulty informačních technologií VUT v Brně.},
}

@misc{fit-vut-product-784,
    author       = {Horák, Adam and Polišenský, Jan and Hranický, Radek},
    title        = {Domain Collector},
    year         = {2023},
    howpublished = {\url{https://www.fit.vut.cz/research/product/784/.cs}},
    note         = {Aplikace je ke stažení na webové stránce Fakulty informačních technologií VUT v Brně.},
}

@misc{domainradar,
    author       = {Hranický, Radek and Polišenský, Jan and Horák, Adam},
    title        = {DomainRadar - Detector of Malicious Domains (prototype)},
    year         = {2022},
    howpublished = {\url{https://www.fit.vut.cz/research/product/779/.cs}},
    note         = {Aplikace je ke stažení na webové stránce Fakulty informačních technologií VUT v Brně.},
}

@mastersthesis{oondra,
    author      = {Ondřej Ondryáš},
    title       = {Effective Large-scale Collection of Information Related to Domain Names},
    school      = {Brno University of Technology, Faculty of Information Technology},
    year        = {2024},
    address     = {Brno, Czech Republic},
    type        = {Master's thesis},
    supervisor  = {Ing. Radek Hranický, Ph.D.}
}


@inproceedings{bergstra2011algorithms,
  author    = {Bergstra, James and Bardenet, Rémi and Bengio, Yoshua and Kégl, Balázs},
  title     = {Algorithms for Hyper-Parameter Optimization},
  booktitle = {Advances in Neural Information Processing Systems 24 (NeurIPS 2011)},
  editor    = {Shawe\textendash Taylor, John and Zemel, Richard S. and Bartlett, Peter L. and Pereira, Fernando C.\,N. and Weinberger, Kilian Q.},
  pages     = {2546--2554},
  year      = {2011},
  address   = {Granada, Spain},
  publisher = {Curran Associates},
  doi       = {10.5555/2986459.2986743},
  isbn      = {9781618395993}
}

@inproceedings{ke2017lightgbm,
  author    = {Ke, Guolin and Meng, Qi and Finley, Thomas and Wang, Taifeng and Chen, Wei and Ma, Weidong and Ye, Qiwei and Liu, Tie\textendash Yan},
  title     = {LightGBM: A Highly Efficient Gradient Boosting Decision Tree},
  booktitle = {Advances in Neural Information Processing Systems 30 (NeurIPS 2017)},
  pages     = {3146--3154},
  year      = {2017},
  publisher = {Curran Associates},
  doi       = {10.5555/3294996.3295074},
  isbn      = {9781510860964},
  url       = {https://papers.nips.cc/paper/6907-lightgbm-a-highly-efficient-gradient-boosting-decision-tree.pdf}
}

@article{zhao2020malicious,
  author    = {Zhao, Lei and Liu, Jiahui and Peng, Xu and Li, Jianfeng},
  title     = {Malicious Domain Names Detection Based on Deep Learning and Random Forest},
  journal   = {Security and Communication Networks},
  year      = {2020},
  volume    = {2020},
  pages     = {1--12},
  doi       = {10.1155/2020/8845147},
  issn      = {1939-0122},
  publisher = {Hindawi}
}

@techreport{rfc5280,
  author       = {Housley, Russ and Ford, Warwick and Polk, Tim and Solo, David},
  title        = {Internet {X}.509 Public Key Infrastructure Certificate and Certificate Revocation List ({CRL}) Profile},
  institution  = {RFC Editor},
  series       = {Request for Comments},
  number       = {5280},
  year         = {2008},
  month        = {May},
  doi          = {10.17487/RFC5280},
  issn         = {2070-1721},
  url          = {https://www.rfc-editor.org/rfc/rfc5280}
}

@article{domingos2012few,
  author    = {Domingos, Pedro},
  title     = {A Few Useful Things to Know about Machine Learning},
  journal   = {Communications of the ACM},
  year      = {2012},
  volume    = {55},
  number    = {10},
  pages     = {78--87},
  doi       = {10.1145/2347736.2347755},
  issn      = {0001-0782},
  publisher = {ACM}
}


@article{kingma2014adam,
  author  = {Kingma, Diederik P. and Ba, Jimmy},
  title   = {Adam: A Method for Stochastic Optimization},
  journal = {arXiv preprint arXiv:1412.6980},
  year    = {2014},
  doi     = {10.48550/arXiv.1412.6980},
  url     = {https://arxiv.org/abs/1412.6980}
}

@book{james2013introduction,
  author    = {James, Gareth and Witten, Daniela and Hastie, Trevor and Tibshirani, Robert},
  title     = {An Introduction to Statistical Learning: With Applications in R},
  year      = {2013},
  publisher = {Springer},
  address   = {New York},
  series    = {Springer Texts in Statistics},
  edition   = {1},
  isbn      = {978-1-4614-7137-0},
  doi       = {10.1007/978-1-4614-7138-7},
}


@article{liaw2002classification,
  author    = {Liaw, Andy and Wiener, Matthew},
  title     = {Classification and Regression by \texttt{randomForest}},
  journal   = {R News},
  year      = {2002},
  volume    = {2},
  number    = {3},
  pages     = {18--22},
  issn      = {1609-3631},
  url       = {https://journal.r-project.org/articles/RN-2002-022/},
  note      = {DOI není přidělen; open-access článek v časopise \emph{R News}}
}

@article{mahmood2021html,
  author    = {Mahmood, Yasir and Zafar, Junaid and Karim, Asif and Iqbal, Fawad and Alazab, Mamoun},
  title     = {HTML-Based Phishing Website Detection Using Machine Learning Classifiers},
  journal   = {Computers \& Security},
  year      = {2021},
  volume    = {105},
  pages     = {102244},
  doi       = {10.1016/j.cose.2021.102244},
  issn      = {0167-4048},
  publisher = {Elsevier}
}

@inproceedings{licnn,
  author       = {Li, Haoran and Zhang, Wei and Chen, Rui},
  title        = {Multi-source Information Comprehensive Malicious Domain Name Detection Based on Convolutional Neural Network},
  booktitle    = {Proceedings of the 32nd International Conference on Computer Communications and Networks (ICCCN 2023)},
  year         = {2023},
  pages        = {1--9},
  publisher    = {Association for Computing Machinery},
  doi          = {10.1145/3639631.3639642},
  isbn         = {979-8-4007-0920-3}
}

@book{komaitis2010domain,
  author       = {Konstantinos Komaitis},
  title        = {The Current State of Domain Name Regulation: Domain Names as Second-Class Citizens in a Mark-Dominated World},
  publisher    = {Routledge},
  year         = {2010},
  series       = {Routledge Research in IT and E-Commerce Law},
  address      = {Abingdon, Oxon; New York},
  isbn         = {978-0-415-47776-5}
}

